% Add these back if necesssary
% version = {0.20.2},
% date = {2010-02-19}, 
@misc{relativitization,
  author = {Lai, Kwun Hang},
  title = {Relativitization},
  year = {2022},
  howpublished = {https://github.com/Adriankhl/relativitization},
}

@software{netlogo,
  author = {Wilensky, U.},
  title = {NetLogo},
  howpublished = {http://ccl.northwestern.edu/netlogo/},
  year={1999},
  institute = {Center for Connected Learning and Computer-Based Modeling, Northwestern University, Evanston, I},
}


@InProceedings{python-mesa-2020,
  author={Kazil, Jackie and Masad, David and Crooks, Andrew},
  editor={Thomson, Robert and Bisgin, Halil and Dancy, Christopher and Hyder, Ayaz and Hussain, Muhammad},
  title={Utilizing Python for Agent-Based Modeling: The Mesa Framework},
  booktitle={Social, Cultural, and Behavioral Modeling},
  year={2020},
  publisher={Springer International Publishing},
  address={Cham},
  pages={308--317},
  isbn={978-3-030-61255-9}
}

@article{Agents2021,
  author = {George Datseris and Ali R. Vahdati and Timothy C. DuBois},
  title ={Agents.jl: a performant and feature-full agent-based modeling software of minimal code complexity},
  journal = {SIMULATION},
  volume = {0},
  number = {0},
  pages = {00375497211068820},
  year = {2021},
  doi = {10.1177/00375497211068820},
  URL = {https://doi.org/10.1177/00375497211068820},
  eprint = {https://doi.org/10.1177/00375497211068820},
}
  
@article{gray2015fermi,
  title={The Fermi paradox is neither Fermi's nor a paradox},
  author={Gray, Robert H},
  journal={Astrobiology},
  volume={15},
  number={3},
  pages={195--199},
  year={2015},
  publisher={Mary Ann Liebert, Inc. 140 Huguenot Street, 3rd Floor New Rochelle, NY 10801 USA}
}

@book{edmonds2015simulating,
  author = {Edmonds, Bruce and Meyer, Ruth},
  localfile = {edmonds2015simulating.pdf},
  publisher = {Springer},
  title = {Simulating social complexity},
  year = {2015}
}

@article{wright2020dyson,
  title={Dyson spheres},
  author={Wright, Jason T},
  journal={arXiv preprint arXiv:2006.16734},
  year={2020}
}

@article{gray2020extended,
  title={The Extended Kardashev Scale},
  author={Gray, Robert H},
  journal={The Astronomical Journal},
  volume={159},
  number={5},
  pages={228},
  year={2020},
  publisher={IOP Publishing}
}

@article{pal2020review,
  title={A review of platforms for the development of agent systems},
  author={Pal, Constantin-Valentin and Leon, Florin and Paprzycki, Marcin and Ganzha, Maria},
  journal={arXiv preprint arXiv:2007.08961},
  year={2020}
}

@article{pierce1959relativity,
  title={Relativity and space travel},
  author={Pierce, JR},
  journal={Proceedings of the IRE},
  volume={47},
  number={6},
  pages={1053--1061},
  year={1959},
  publisher={IEEE}
}

@article{haug2017ultimate,
  title={The ultimate limits of the relativistic rocket equation. The Planck photon rocket},
  author={Haug, Espen Gaarder},
  journal={Acta Astronautica},
  volume={136},
  pages={144--147},
  year={2017},
  publisher={Elsevier}
}

@article{tommasini2019comment,
  title={Comment on “the ultimate limits of the relativistic rocket equation. The Planck photon rocket”},
  author={Tommasini, Daniele and Paredes, Angel and Michinel, Humberto},
  journal={Acta Astronautica},
  volume={161},
  pages={373--374},
  year={2019},
  publisher={Elsevier}
}
